@book{kerman2009contemplating,
  title={Contemplating music: Challenges to musicology},
  author={Kerman, Joseph},
  year={2009},
  publisher={Harvard University Press}
}

@article{cook2004computational,
  title={Computational and comparative musicology},
  author={Cook, Nicholas},
  journal={Empirical musicology: Aims, methods, prospects},
  pages={103--126},
  year={2004},
  publisher={New York: Oxford University Press}
}

@article{jurgensen2015partial,
  title={Partial signatures as transmitted in the Buxheim Organ Book and its concordances},
  author={J{\"u}rgensen, Frauke},
  journal={Early Music},
  pages={cav090},
  year={2015},
  publisher={Oxford Univ Press}
}

@article{cuthbert2010music21,
  title={music21: A toolkit for computer-aided musicology and symbolic music data},
  author={Cuthbert, Michael Scott and Ariza, Christopher},
  year={2010},
  publisher={International Society for Music Information Retrieval}
}

@book{krane2003fundamental,
  title={Fundamental Concepts of Bioinformatics},
  author={Krane, Dan E and Raymer, Michael L},
  year={2003},
  publisher={Benjamin Cummings}
}
