
%
%  ProjectPlan.bib - source text for project plan bibliography
%
@article{eidhammer2000structure,
  title={Structure comparison and structure patterns},
  author={Eidhammer, Ingvar and Jonassen, Inge and Taylor, William R},
  journal={Journal of Computational Biology},
  volume={7},
  number={5},
  pages={685--716},
  year={2000},
  publisher={Mary Ann Liebert, Inc.}
}

@misc{humdrum,
title={The Humdrum Toolkit},
author={Ohio State University},
howpublished={\url{http://www.musiccog.ohio-state.edu/Humdrum}},
note={Accessed: 1st February, 2016}
}

@article{wongsuphasawat2012querying,
  title={Querying event sequences by exact match or similarity search: Design and empirical evaluation},
  author={Wongsuphasawat, Krist and Plaisant, Catherine and Taieb-Maimon, Meirav and Shneiderman, Ben},
  journal={Interacting with computers},
  volume={24},
  number={2},
  pages={55--68},
  year={2012},
  publisher={Oxford University Press}
}